@article{hartmanis1965computational,
  title={On the computational complexity of algorithms},
  author={Hartmanis, Juris and Stearns, Richard E},
  journal={Transactions of the American Mathematical Society},
  volume={117},
  pages={285--306},
  year={1965},
  publisher={JSTOR}
}


@article{shoup1990new,
  title={New algorithms for finding irreducible polynomials over finite fields},
  author={Shoup, Victor},
  journal={Mathematics of Computation},
  volume={54},
  number={189},
  pages={435--447},
  year={1990}
}

@article{hennie1966two,
  title={Two-tape simulation of multitape Turing machines},
  author={Hennie, Fred C. and Stearns, Richard E.},
  journal={Journal of the ACM (JACM)},
  volume={13},
  number={4},
  pages={533--546},
  year={1966},
  publisher={ACM}
}

@article{lenstra1991finding,
  title={Finding isomorphisms between finite fields},
  author={Lenstra Jr, H.W.},
  journal={Mathematics of Computation},
  volume={56},
  number={193},
  pages={329--347},
  year={1991}
}

@article{wang1989algorithm,
  title={An algorithm to design finite field multipliers using a self-dual normal basis},
  author={Wang, Charles C.},
  journal={IEEE Transactions on Computers},
  volume={38},
  number={10},
  pages={1457--1460},
  year={1989},
  publisher={IEEE}
}

@article{NW19,
  title={{$\mathsf{NEEXP} \subseteq \mathsf{MIP}^*$}},
  author={Natarajan, Anand and Wright, John},
  journal={arXiv preprint arXiv:1904.05870v3},
  year={2019}
}

@phdthesis{harsha2004robust,
  title={Robust {PCP}s of proximity and shorter {PCP}s},
  author={Harsha, Prahladh},
  year={2004},
  school={Massachusetts Institute of Technology}
}

@article{ben2008short,
  title={Short {PCP}s with polylog query complexity},
  author={Ben-Sasson, Eli and Sudan, Madhu},
  journal={SIAM Journal on Computing},
  volume={38},
  number={2},
  pages={551--607},
  year={2008},
  publisher={SIAM}
  }
	
	@inproceedings{ben2005short,
  title={Short {PCP}s verifiable in polylogarithmic time},
  author={Ben-Sasson, Eli and Goldreich, Oded and Harsha, Prahladh and Sudan, Madhu and Vadhan, Salil},
  booktitle={20th Annual IEEE Conference on Computational Complexity (CCC'05)},
  pages={120--134},
  year={2005},
  organization={IEEE}
}

@article{ben2006short,
  title={Short {PCP}s Verifiable in Polylogarithmic Time},
  author={Ben-Sasson, Eli and Goldreich, Oded and Harsha, Prahladh and Sudan, Madhu and Vadhan, Salil},
  year={2005},
	note={Full version available at \url{http://www.tcs.tifr.res.in/~prahladh/papers/BGHSV2/BGHSV2005.pdf}}
}


@inproceedings{fitzsimons2018quantum,
  title={Quantum proof systems for iterated exponential time, and beyond},
  author={Fitzsimons, Joseph and Ji, Zhengfeng and Vidick, Thomas and Yuen, Henry},
  booktitle={Proceedings of the 51st Annual ACM SIGACT Symposium on Theory of Computing},
  pages={473--480},
  year={2019},
  organization={ACM}
}

@article{ben2006robust,
  title={Robust {PCP}s of proximity, shorter {PCP}s, and applications to coding},
  author={Ben-Sasson, Eli and Goldreich, Oded and Harsha, Prahladh and Sudan, Madhu and Vadhan, Salil},
  journal={SIAM Journal on Computing},
  volume={36},
  number={4},
  pages={889--974},
  year={2006},
  publisher={SIAM}
}

@article{aravind2004quantum,
  title={Quantum mysteries revisited again},
  author={Aravind, PK},
  journal={American Journal of Physics},
  volume={72},
  number={10},
  pages={1303--1307},
  year={2004},
  publisher={AAPT}
}

@inproceedings{natarajan2018low,
  title={Low-degree testing for quantum states, and a quantum entangled games {PCP} for {QMA}},
  author={Natarajan, Anand and Vidick, Thomas},
  booktitle={2018 IEEE 59th Annual Symposium on Foundations of Computer Science (FOCS)},
  pages={731--742},
  year={2018},
  organization={IEEE}
}

@inproceedings{bavarian2017hardness,
  title={Hardness amplification for entangled games via anchoring},
  author={Bavarian, Mohammad and Vidick, Thomas and Yuen, Henry},
  booktitle={Proceedings of the 49th Annual ACM SIGACT Symposium on Theory of Computing},
  pages={303--316},
  year={2017},
  organization={ACM}
}

@article{spielman1996linear,
  title={Linear-time encodable and decodable error-correcting codes},
  author={Spielman, Daniel A},
  journal={IEEE Transactions on Information Theory},
  volume={42},
  number={6},
  pages={1723--1731},
  year={1996},
  publisher={IEEE}
}

@book{menezes2013applications,
  title={Applications of finite fields},
  author={Menezes, Alfred J and Blake, Ian F and Gao, XuHong and Mullin, Ronald C and Vanstone, Scott A and Yaghoobian, Tomik},
  volume={199},
  year={2013},
  publisher={Springer Science \& Business Media}
}

@article{dinur2015parallel,
  title={A parallel repetition theorem for entangled projection games},
  author={Dinur, Irit and Steurer, David and Vidick, Thomas},
  journal={Computational Complexity},
  volume={24},
  number={2},
  pages={201--254},
  year={2015},
  publisher={Springer}
}

@inproceedings{jain2014parallel,
  title={A parallel repetition theorem for entangled two-player one-round games under product distributions},
  author={Jain, Rahul and Pereszl{\'e}nyi, Attila and Yao, Penghui},
  booktitle={2014 IEEE 29th Conference on Computational Complexity (CCC)},
  pages={209--216},
  year={2014},
  organization={IEEE}
}

@inproceedings{yuen2016parallel,
  title={A Parallel Repetition Theorem for All Entangled Games},
  author={Yuen, Henry},
  booktitle={43rd International Colloquium on Automata, Languages, and Programming (ICALP 2016)},
  year={2016},
  organization={Schloss Dagstuhl-Leibniz-Zentrum fuer Informatik}
}

@article{Sch80,
	Author = {Schwartz, Jacob},
	Date-Added = {2018-10-16 15:31:52 -0400},
	Date-Modified = {2018-10-16 15:32:05 -0400},
	Journal = {Journal of the ACM},
	Number = {4},
	Pages = {701--717},
	Title = {Fast probabilistic algorithms for verification of polynomial identities},
	Volume = {27},
	Year = {1980}}

@inproceedings{Zip79,
	Author = {Zippel, Richard},
	Booktitle = {Symbolic and {Algebraic} {Computation}},
	Date-Added = {2018-10-16 15:34:29 -0400},
	Date-Modified = {2018-10-16 15:43:17 -0400},
	Pages = {216--226},
	Title = {Probabilistic algorithms for sparse polynomials},
	Year = {1979}}

@book{Pap94,
	Author = {Papadimitriou, Christos},
	Date-Added = {2018-10-12 11:41:39 -0400},
	Date-Modified = {2018-10-12 11:50:24 -0400},
	Publisher = {Addison Wesley},
	Title = {Computational complexity},
	Year = {1994}}

@article{turing1937computable,
  title={On computable numbers, with an application to the {E}ntscheidungsproblem},
  author={Turing, Alan M.},
  journal={Proceedings of the London mathematical society},
  volume={2},
  number={1},
  pages={230--265},
  year={1937},
  publisher={Wiley Online Library}
}

@article{mermin1990simple,
  title={Simple unified form for the major no-hidden-variables theorems},
  author={Mermin, David},
  journal={Physical Review Letters},
  volume={65},
  number={27},
  pages={3373},
  year={1990},
  publisher={APS}
}

@article{aravind2002simple,
  title={A simple demonstration of {B}ell's theorem involving two observers and no probabilities or inequalities},
  author={Aravind, PK},
  journal={arXiv preprint quant-ph/0206070},
  year={2002}
}

@inproceedings{cleve2014characterization,
  title={Characterization of binary constraint system games},
  author={Cleve, Richard and Mittal, Rajat},
  booktitle={International Colloquium on Automata, Languages, and Programming},
  pages={320--331},
  year={2014},
  organization={Springer}
}

@article{babai1991non,
  title={Non-deterministic exponential time has two-prover interactive protocols},
  author={Babai, L{\'a}szl{\'o} and Fortnow, Lance and Lund, Carsten},
  journal={Computational complexity},
  volume={1},
  number={1},
  pages={3--40},
  year={1991},
  publisher={Springer}
}

@article{arora1998probabilistic,
  title={Probabilistic checking of proofs: A new characterization of {NP}},
  author={Arora, Sanjeev and Safra, Shmuel},
  journal={Journal of the ACM (JACM)},
  volume={45},
  number={1},
  pages={70--122},
  year={1998},
  publisher={ACM}
}

@inproceedings{raz1997sub,
  title={A sub-constant error-probability low-degree test, and a sub-constant error-probability {PCP} characterization of {NP}},
  author={Raz, Ran and Safra, Shmuel},
  booktitle={Proceedings of the twenty-ninth annual ACM symposium on Theory of computing},
  pages={475--484},
  year={1997}
}

@article{Kleene1954,
	number = {3},
	pages = {215--216},
	title = {Introduction to {M}etamathematics},
	year = {1954},
	volume = {19},
	publisher = {Association for Symbolic Logic},
	journal = {Journal of Symbolic Logic},
	author = {Stephen C. Kleene},
	doi = {10.2307/2268620}
}

@book{Rogers1987,
 author = {Rogers,Jr., Hartley},
 title = {Theory of Recursive Functions and Effective Computability},
 year = {1987},
 isbn = {0-262-68052-1},
 publisher = {MIT Press},
 address = {Cambridge, MA, USA},
}

@inproceedings{cleve2004consequences,
  title={Consequences and limits of nonlocal strategies},
  author={Cleve, Richard and Hoyer, Peter and Toner, Benjamin and Watrous, John},
  booktitle={Proceedings. 19th IEEE Annual Conference on Computational Complexity, 2004.},
  pages={236--249},
  year={2004},
  organization={IEEE}
}

@article{kobayashi2003quantum,
  title={Quantum multi-prover interactive proof systems with limited prior entanglement},
  author={Kobayashi, Hirotada and Matsumoto, Keiji},
  journal={Journal of Computer and System Sciences},
  volume={66},
  number={3},
  pages={429--450},
  year={2003},
  publisher={Elsevier}
}

@article{reichardt2013classical,
  title={Classical command of quantum systems},
  author={Reichardt, Ben W and Unger, Falk and Vazirani, Umesh},
  journal={Nature},
  volume={496},
  number={7446},
  pages={456},
  year={2013},
  publisher={Nature Publishing Group}
}

@article{vidick2016quantum,
  title={Quantum proofs},
  author={Vidick, Thomas and Watrous, John},
  journal={Foundations and Trends in Theoretical Computer Science},
  volume={11},
  number={1-2},
  pages={1--215},
  year={2016},
  publisher={Now Publishers, Inc.}
}

@article{ozawa2013connes,
  title={About the {C}onnes embedding conjecture},
  author={Ozawa, Narutaka},
  journal={Japanese Journal of Mathematics},
  volume={8},
  number={1},
  pages={147--183},
  year={2013},
  publisher={Springer}
}

@article{junge2011connes,
  title={Connes' embedding problem and {T}sirelson's problem},
  author={Junge, Marius and Navascues, Miguel and Palazuelos, Carlos and Perez-Garcia, David and Scholz, Volkher B and Werner, Reinhard F},
  journal={Journal of Mathematical Physics},
  volume={52},
  number={1},
  pages={012102},
  year={2011},
  publisher={AIP}
}

@article{fritz2012tsirelson,
  title={Tsirelson's problem and {K}irchberg's conjecture},
  author={Fritz, Tobias},
  journal={Reviews in Mathematical Physics},
  volume={24},
  number={05},
  pages={1250012},
  year={2012},
  publisher={World Scientific}
}

@inproceedings{ito2012multi,
  title={A multi-prover interactive proof for {NEXP} sound against entangled provers},
  author={Ito, Tsuyoshi and Vidick, Thomas},
  booktitle={2012 IEEE 53rd Annual Symposium on Foundations of Computer Science},
  pages={243--252},
  year={2012},
  organization={IEEE}
}

@article{connes1976classification,
  title={Classification of injective factors Cases {$II_1$}, {$II_\infty$}, {$III_\lambda$}, {$\lambda\ne 1$}},
  author={Connes, Alain},
  journal={Annals of Mathematics},
  pages={73--115},
  year={1976},
  publisher={JSTOR}
}

@inproceedings{ji2017compression,
  title={Compression of quantum multi-prover interactive proofs},
  author={Ji, Zhengfeng},
  booktitle={Proceedings of the 49th Annual ACM SIGACT Symposium on Theory of Computing},
  pages={289--302},
  year={2017},
  organization={ACM}
}

@inproceedings{natarajan2018two,
  title={Two-player entangled games are {NP-hard}},
  author={Natarajan, Anand and Vidick, Thomas},
  booktitle={Proceedings of the 33rd Computational Complexity Conference},
  pages={20},
  year={2018},
  organization={Schloss Dagstuhl--Leibniz-Zentrum fuer Informatik}
}


@article{peres1990incompatible,
  title={Incompatible results of quantum measurements},
  author={Peres, Asher},
  journal={Physics Letters A},
  volume={151},
  number={3-4},
  pages={107--108},
  year={1990},
  publisher={Elsevier}
}

@article{wu2016device,
  title={Device-independent parallel self-testing of two singlets},
  author={Wu, Xingyao and Bancal, Jean-Daniel and McKague, Matthew and Scarani, Valerio},
  journal={Physical Review A},
  volume={93},
  number={6},
  pages={062121},
  year={2016},
  publisher={APS}
}

@article{watrous2009quantum,
  title={Quantum computational complexity},
  author={Watrous, John},
  journal={Encyclopedia of complexity and systems science},
  pages={7174--7201},
  year={2009},
  publisher={Springer}
}

@article{coladangelo2018unconditional,
  title={Unconditional separation of finite and infinite-dimensional quantum correlations},
  author={Coladangelo, Andrea and Stark, Jalex},
  journal={arXiv preprint arXiv:1804.05116},
  year={2018}
}

@article{navascues2008convergent,
  title={A convergent hierarchy of semidefinite programs characterizing the set of quantum correlations},
  author={Navascu{\'e}s, Miguel and Pironio, Stefano and Ac{\'\i}n, Antonio},
  journal={New Journal of Physics},
  volume={10},
  number={7},
  pages={073013},
  year={2008},
  publisher={IOP Publishing}
}

@inproceedings{ben2005simple,
  title={Simple {PCPs} with poly-log rate and query complexity},
  author={Ben-Sasson, Eli and Sudan, Madhu},
  booktitle={Proceedings of the thirty-seventh annual ACM symposium on Theory of computing},
  pages={266--275},
  year={2005},
  organization={ACM}
}

@article{scholz2008tsirelson,
  title={Tsirelson's problem},
  author={Scholz, Volkher B and Werner, Reinhard F},
  journal={arXiv preprint arXiv:0812.4305},
  year={2008}
}

@article{dykema2016synchronous,
  title={Synchronous correlation matrices and {C}onnes’ embedding conjecture},
  author={Dykema, Kenneth and Paulsen, Vern},
  journal={Journal of Mathematical Physics},
  volume={57},
  number={1},
  pages={015214},
  year={2016},
  publisher={AIP Publishing}
}

@inproceedings{slofstra2019set,
  title={The set of quantum correlations is not closed},
  author={Slofstra, William},
  booktitle={Forum of Mathematics, Pi},
  volume={7},
  year={2019},
  organization={Cambridge University Press}
}

@article{slofstra2019tsirelson,
  title={Tsirelson’s problem and an embedding theorem for groups arising from non-local games},
  author={Slofstra, William},
  journal={Journal of the American Mathematical Society},
  year={2019}
}

@inproceedings{doherty2008quantum,
  title={The quantum moment problem and bounds on entangled multi-prover games},
  author={Doherty, Andrew C and Liang, Yeong-Cherng and Toner, Ben and Wehner, Stephanie},
  booktitle={2008 23rd Annual IEEE Conference on Computational Complexity},
  pages={199--210},
  year={2008},
  organization={IEEE}
}

@book{capraro2015introduction,
  title={Introduction to sofic and hyperlinear groups and Connes' embedding conjecture},
  author={Capraro, Valerio and Lupini, Martino and Pestov, Vladimir},
  volume={2136},
  year={2015},
  publisher={Springer}
}

@article{coladangelo2019two,
  title={A two-player dimension witness based on embezzlement, and an elementary proof of the non-closure of the set of quantum correlations},
  author={Coladangelo, Andrea},
  journal={arXiv preprint arXiv:1904.02350},
  year={2019}
}

@article{dykema2019non,
  title={Non-closure of the set of quantum correlations via graphs},
  author={Dykema, Ken and Paulsen, Vern I and Prakash, Jitendra},
  journal={Communications in Mathematical Physics},
  volume={365},
  number={3},
  pages={1125--1142},
  year={2019},
  publisher={Springer}
}

@article{musat2018non,
  title={Non-closure of quantum correlation matrices and factorizable channels that require infinite dimensional ancilla},
  author={Musat, Magdalena and R{\o}rdam, Mikael},
  journal={arXiv preprint arXiv:1806.10242},
  year={2018}
}

@book{mullen2013handbook,
  title={Handbook of finite fields},
  author={Mullen, Gary L and Panario, Daniel},
  year={2013},
  publisher={Chapman and Hall/CRC}
}

@article{vidick2016three,
  title={Three-player entangled XOR games are NP-hard to approximate},
  author={Vidick, Thomas},
  journal={SIAM Journal on Computing},
  volume={45},
  number={3},
  pages={1007--1063},
  year={2016},
  publisher={SIAM}
}

@inproceedings{feige1992two,
  title={Two-prover one-round proof systems: Their power and their problems},
  author={Feige, Uriel and Lov{\'a}sz, L{\'a}szl{\'o}},
  booktitle={Proceedings of the twenty-fourth annual ACM symposium on Theory of computing},
  pages={733--744},
  year={1992},
  organization={ACM}
}

@article{palazuelos2016survey,
  title={Survey on nonlocal games and operator space theory},
  author={Palazuelos, Carlos and Vidick, Thomas},
  journal={Journal of Mathematical Physics},
  volume={57},
  number={1},
  pages={015220},
  year={2016},
  publisher={AIP Publishing}
}

@article{tsirelson1993some,
  title={Some results and problems on quantum Bell-type inequalities},
  author={Tsirelson, Boris S},
  journal={Hadronic Journal Supplement},
  volume={8},
  number={4},
  pages={329--345},
  year={1993}
}

@misc{Tsi06,
title = {Bell  inequalities  and  operator  algebras},
  author={Tsirelson, Boris S},
note = {Problem  statement from website of open problems at TU Braunschweig (2006), available at \url{http://web.archive.org/web/20090414083019/http://www.imaph.tu-bs.de/qi/problems/33.html}},
year = {2006}
}

@inproceedings{lund1990algebraic,
  title={Algebraic methods for interactive proof systems},
  author={Lund, Carsten and Fortnow, Lance and Karloff, Howard and Nisan, Noam},
  booktitle={Proceedings of 31st Annual Symposium on Foundations of Computer Science},
  pages={2--10},
  year={1990},
  organization={IEEE}
}

@inproceedings{shamir1990ip,
  title={$\mathsf{IP}= \mathsf{PSPACE}$},
  author={Shamir, Adi},
  booktitle={Proceedings of 31st Annual Symposium on Foundations of Computer Science},
  pages={11--15},
  year={1990},
  organization={IEEE}
}

@article{vazirani2019fully,
  title={Fully device independent quantum key distribution},
  author={Vazirani, Umesh and Vidick, Thomas},
  journal={Communications of the ACM},
  volume={62},
  number={4},
  pages={133--133},
  year={2019},
  publisher={ACM}
}

@inproceedings{ji2016classical,
  title={Classical verification of quantum proofs},
  author={Ji, Zhengfeng},
  booktitle={Proceedings of the forty-eighth annual ACM symposium on Theory of Computing},
  pages={885--898},
  year={2016},
  organization={ACM}
}

@article{fritz2014can,
  title={Can you compute the operator norm?},
  author={Fritz, Tobias and Netzer, Tim and Thom, Andreas},
  journal={Proceedings of the American Mathematical Society},
  volume={142},
  number={12},
  pages={4265--4276},
  year={2014}
}

@article{kim2018synchronous,
  title={A synchronous game for binary constraint systems},
  author={Kim, Se-Jin and Paulsen, Vern and Schafhauser, Christopher},
  journal={Journal of Mathematical Physics},
  volume={59},
  number={3},
  pages={032201},
  year={2018},
  publisher={AIP Publishing}
}

@article{clauser1969proposed,
  title={Proposed experiment to test local hidden-variable theories},
  author={Clauser, John F and Horne, Michael A and Shimony, Abner and Holt, Richard A},
  journal={Physical review letters},
  volume={23},
  number={15},
  pages={880},
  year={1969},
  publisher={APS}
}

@article{ekert1991quantum,
  title={Quantum cryptography based on Bell’s theorem},
  author={Ekert, Artur K},
  journal={Physical review letters},
  volume={67},
  number={6},
  pages={661},
  year={1991},
  publisher={APS}
}

@article{kempe2011entangled,
  title={Entangled games are hard to approximate},
  author={Kempe, Julia and Kobayashi, Hirotada and Matsumoto, Keiji and Toner, Ben and Vidick, Thomas},
  journal={SIAM Journal on Computing},
  volume={40},
  number={3},
  pages={848--877},
  year={2011},
  publisher={SIAM}
}

@inproceedings{ito2009oracularization,
  title={Oracularization and two-prover one-round interactive proofs against nonlocal strategies},
  author={Ito, Tsuyoshi and Kobayashi, Hirotada and Matsumoto, Keiji},
  booktitle={2009 24th Annual IEEE Conference on Computational Complexity},
  pages={217--228},
  year={2009},
  organization={IEEE}
}

@article{rubinfeld1996robust,
  title={Robust characterizations of polynomials with applications to program testing},
  author={Rubinfeld, Ronitt and Sudan, Madhu},
  journal={SIAM Journal on Computing},
  volume={25},
  number={2},
  pages={252--271},
  year={1996},
  publisher={SIAM}
}

@article{paulsen2016estimating,
  title={Estimating quantum chromatic numbers},
  author={Paulsen, Vern I and Severini, Simone and Stahlke, Daniel and Todorov, Ivan G and Winter, Andreas},
  journal={Journal of Functional Analysis},
  volume={270},
  number={6},
  pages={2188--2222},
  year={2016},
  publisher={Elsevier}
}

@article{mousavi2020complexity,
  title={On the complexity of zero gap {$\mathsf{MIP}^*$}},
  author={Mousavi, Hamoon and Nezhadi, Seyed Sajjad and Yuen, Henry},
  journal={arXiv preprint arXiv:2002.10490},
  year={2020}
}

@article{goldbring2020universal,
  title={The Universal Theory Of The Hyperfinite {II}$_1$ Factor Is Not Computable},
  author={Goldbring, Isaac and Hart, Bradd},
  journal={arXiv preprint arXiv:2006.05629},
  year={2020}
}

@article{goldbring2016computability,
  title={Computability and the {C}onnes embedding problem},
  author={Goldbring, Isaac and Hart, Bradd},
  journal={Bulletin of Symbolic Logic},
  volume={22},
  number={2},
  pages={238--248},
  year={2016},
  publisher={Cambridge University Press}
}

@inproceedings{NV17,
 author = {Natarajan, Anand and Vidick, Thomas},
 title = {A Quantum Linearity Test for Robustly Verifying Entanglement},
 booktitle = {Proceedings of the 49th Annual ACM SIGACT Symposium on Theory of Computing},
 series = {STOC 2017},
 year = {2017},
 isbn = {978-1-4503-4528-6},
 location = {Montreal, Canada},
 pages = {1003--1015},
 numpages = {13},
 url = {http://doi.acm.org/10.1145/3055399.3055468},
 doi = {10.1145/3055399.3055468},
 acmid = {3055468},
 publisher = {ACM},
 address = {New York, NY, USA},
 keywords = {Nonlocal Games, Quantum Interactive Proofs, Quantum PCP Conjecture, Self-Testing},
 eprint= {1610.03574}
}


@article{ML20,
 title={Quantum soundness of the classical low individual degree test}, 
      author={Zhengfeng Ji and Anand Natarajan and Thomas Vidick and John Wright and Henry Yuen},
  journal={arXiv preprint arXiv:2009.12982},
      year={2020}
}

@inproceedings{KV11,
	Author = {Kempe, Julia and Vidick, Thomas},
 booktitle = {Proceedings of the 43rd Annual ACM SIGACT Symposium on Theory of Computing},
 series = {STOC 2011},
	Date-Added = {2020-06-11 10:01:00 -0400},
	Date-Modified = {2020-06-11 10:01:45 -0400},
	Pages = {353--362},
	Title = {Parallel repetition of entangled games},
	Year = {2011}}